@inproceedings{sutskever2014sequence,
    author = {Sutskever, Ilya and Vinyals, Oriol and Le, Quoc V},
    title = {{Sequence to sequence learning with neural networks}},
    booktitle = {Proceedings of NIPS},
    year = {2014}
}

@misc{lipton2015critical,
    AUTHOR = {Lipton, Zachary C and Berkowitz, John and Elkan, Charles},
    TITLE = {{A critical review of recurrent neural networks for sequence learning}},
    howpublished = {arXiv preprint arXiv:1506.00019},
    YEAR = {2015}   
}
@inproceedings{vinyals2015pointer,
    author = {Vinyals, Oriol and Fortunato, Meire and Jaitly, Navdeep},
    title = {{Pointer networks}},
    booktitle = {Proceedings of NIPS},
    year = {2015}
}

@inproceedings{bernstein2010soylent,
  title={Soylent: a word processor with a crowd inside},
  author={Bernstein, Michael S and Little, Greg and Miller, Robert C and Hartmann, Bj{\"o}rn and Ackerman, Mark S and Karger, David R and Crowell, David and Panovich, Katrina},
  booktitle={Proceedings of the 23nd annual ACM symposium on User interface software and technology},
  pages={313--322},
  year={2010},
  organization={ACM}
}

@inproceedings{dai2015and,
  title={And now for something completely different: Improving crowdsourcing workflows with micro-diversions},
  author={Dai, Peng and Rzeszotarski, Jeffrey M and Paritosh, Praveen and Chi, Ed H},
  booktitle={Proceedings of the 18th ACM Conference on Computer Supported Cooperative Work \& Social Computing},
  pages={628--638},
  year={2015},
  organization={ACM}
}

@inproceedings{Cho:ProceedingsOfEmnlp:2014,
    author = {Cho, Kyunghyun and van Merrienboer, Bart and Gulcehre, Caglar and Bahdanau, Dzmitry and Bougares, Fethi and Schwenk, Holger and Bengio, Yoshua},
    title = {{Learning Phrase Representations using RNN Encoder-Decoder for Statistical Machine Translation}},
    booktitle = {Proceedings of EMNLP},
    year = {2014}
}

@inproceedings{ott2011finding,
    author = {Ott, Myle and Choi, Yejin and Cardie, Claire and Hancock, Jeffrey T},
    title = {{Finding deceptive opinion spam by any stretch of the imagination}},
    booktitle = {Proceedings of ACL},
    year = {2011}
}

@inproceedings{Tan:ProceedingsOfAcl:2014,
    author = {Tan, Chenhao and Lee, Lillian and Pang, Bo},
    title = {{The effect of wording on message propagation: Topic- and author-controlled natural experiments on Twitter}},
    booktitle = {Proceedings of ACL},
    year = {2014}
}

@inproceedings{branson2010visual,
    author = {Branson, Steve and Wah, Catherine and Schroff, Florian and Babenko, Boris and Welinder, Peter and Perona, Pietro and Belongie, Serge},
    title = {{Visual recognition with humans in the loop}},
    booktitle = {Proceedings of ECCV},
    year = {2010}
}

@inproceedings{joachims2017unbiased,
    author = {Joachims, Thorsten and Swaminathan, Adith and Schnabel, Tobias},
    title = {{Unbiased learning-to-rank with biased feedback}},
    booktitle = {Proceedings of WSDM},
    year = {2017}
}

@inproceedings{fails2003interactive,
    author = {Fails, Jerry Alan and Olsen Jr, Dan R},
    title = {{Interactive machine learning}},
    booktitle = {Proceedings of the 8th international conference on Intelligent user interfaces},
    year = {2003}
}

@inproceedings{tan+etal:16a, 
     author = {Chenhao Tan and Vlad Niculae and Cristian Danescu-Niculescu-Mizil and Lillian Lee}, 
     title = {Winning Arguments: Interaction Dynamics and Persuasion Strategies in Good-faith Online Discussions}, 
     year = {2016}, 
     booktitle = {Proceedings of WWW} 
}

@inproceedings{ozbalbrainsup,
    author = {Ozbal, Gözde and Pighin, Daniele and Strapparava, Carlo},
    title = {{BRAINSUP: Brainstorming Support for Creative Sentence Generation}},
    booktitle = {Proceedings of ACL},
    year = {2013}
}

@inproceedings{clark+etal18,
    author = {Clark, Elizabeth and Ross, Anne and Tan, Chenhao and Ji, Yangfeng and Smith, Noah A.},
    title = {{Creative Writing with a Machine in the Loop: Case Studies on Slogans and Stories}},
    booktitle = {Proceedings of IUI},
    year = {2018}
}

@misc{Guu:EprintArxiv170908878:2017,
    AUTHOR = {Guu, Kelvin and Hashimoto, Tatsunori B and Oren, Yonatan and Liang, Percy},
    TITLE = {{Generating Sentences by Editing Prototypes}},
    howpublished = {eprint arXiv:1709.08878},
    YEAR = {2017}   
}


@article{warren_opinion:_2015,
    title = {Opinion: {What} makes things humorous},
    volume = {112},
    shorttitle = {Opinion},
    language = {en},
    number = {23},
    urldate = {2017-12-26},
    journal = {Proceedings of the National Academy of Sciences},
    author = {Warren, Caleb and McGraw, A. Peter},
    month = jun,
    year = {2015},
    pages = {7105--7106},
}

@misc{house_slate,
  author = {Patrick House},
  title = {{How To Win the New Yorker Cartoon Caption Contest}},
  howpublished = "\url{http://www.slate.com/articles/arts/culturebox/2008/06/how_to_win_the_new_yorker_cartoon_caption_contest.html}",
  year = {2008}, 
  note = "[Online; accessed 1-January-2017]"
}

@article{turing:1950,
 author = {Alan M. Turing},
 journal = {Mind},
 number = {236},
 pages = {433-460},
 publisher = {[Oxford University Press, Mind Association]},
 title = {Computing Machinery and Intelligence},
 volume = {59},
 year = {1950}
}

@article{Malone:AcademyOfManagementReview:1980,
    author = {Malone, Paul B},
    title = {{Humor: A Double-Edged Tool for Today’s Managers?}},
    journal = {Academy of Management Review},
    year = {1980},
    volume = {5},
    number = {3},
    pages = {357-360}   
}
@article{Duncan:AcademyOfManagementReview:1982,
    author = {Duncan, W Jack},
    title = {{Humor in Management: Prospects for Administrative Practice and Research}},
    journal = {Academy of Management Review},
    year = {1982},
    volume = {7},
    number = {1},
    pages = {136-142}   
}


@inproceedings{shahaf2015inside,
  title={Inside jokes: Identifying humorous cartoon captions},
  author={Shahaf, Dafna and Horvitz, Eric and Mankoff, Robert},
  booktitle={Proceedings of KDD},
  year={2015},
}

@inproceedings{west2019reverse,
  title={Reverse-Engineering Satire, or" Paper on Computational Humor Accepted Despite Making Serious Advances"},
  author={West, Robert and Horvitz, Eric},
  booktitle={Proceedings of AAAI},
  year={2019},

}


@inproceedings{birnholtz2013write,
  title={Write here, write now!: an experimental study of group maintenance in collaborative writing},
  author={Birnholtz, Jeremy and Steinhardt, Stephanie and Pavese, Antonella},
  booktitle={Proceedings of the SIGCHI Conference on Human Factors in Computing Systems},
  pages={961--970},
  year={2013},
  organization={ACM}
}

@article{wang2017users,
  title={Why users do not want to write together when they are writing together: Users' rationales for today's collaborative writing practices},
  author={Wang, Dakuo and Tan, Haodan and Lu, Tun},
  journal={Proceedings of the ACM on Human-Computer Interaction},
  volume={1},
  number={CSCW},
  pages={107},
  year={2017},
  publisher={ACM}
}

@inproceedings{gehrmann2015deploying,
  title={Deploying AI methods to support collaborative writing: a preliminary investigation},
  author={Gehrmann, Sebastian and Urke, Lauren and Amir, Ofra and Grosz, Barbara J},
  booktitle={Proceedings of the 33rd Annual ACM Conference Extended Abstracts on Human Factors in Computing Systems},
  pages={917--922},
  year={2015},
  organization={ACM}
}